
@book{jiema,
  title = {Experiments in physical chemistry},
  author = {Garland, Carl W. and Nibler, Joseph W. and Shoemaker, David P.},
  date = {2009},
  edition = {8th ed},
  publisher = {McGraw-Hill Higher Education},
  location = {Boston},
  isbn = {978-0-07-282842-9},
  langid = {english},
  pages = {150, 153-154},
  keywords = {Chemistry; Physical and theoretical,Laboratory manuals},
  file = {D\:\\huzhibin\\Documents\\Zotero\\storage\\Q8GZCL3Q\\Garland 等。 - 2009 - Experiments in physical chemistry.pdf}
}


